@book{sagan_1993, 
    place={New York}, 
    title={Brocas brain: reflections on the romance of science}, publisher={Presidio Press}, 
    author={Sagan, Carl}, 
    year={1993}
}

@article{ghia_et_al,
    author = {U. Ghia and K. N. Ghia and C. T. Shin},
    title = {High-{R}e {S}olutions for {I}ncompressible {F}low {U}sing the {N}avier-{S}tokes {E}quations and a {M}ultigrid {M}ethod},
    journal = {Journal of Computational Physics},
    volume = {48},
    pages = {387-411},
    year = {1982},
}

@inproceedings{DBLP:journals/corr/WangFL15,
    author = {Wang, Ziyu and Schaul, Tom and Hessel, Matteo and Van Hasselt, Hado and Lanctot, Marc and De Freitas, Nando}, 
    title = {Dueling Network Architectures for Deep Reinforcement Learning}, 
    year = {2016}, 
    publisher = {JMLR.org}, 
    booktitle = {Proceedings of the 33rd International Conference on International Conference on Machine Learning - Volume 48}, 
    pages = {1995–2003}, 
    numpages = {9}, 
    location = {New York, NY, USA}, 
    series = {ICML’16}
}